@article{KorBell,
author={Robert M. Bell and Yehuda Koren and Chris Volinsky},
title={The BellKor solution to the Netflix Prize},
year={2007},
howpublished={\url{http://www.netflixprize.com/assets/ProgressPrize2007_KorBell.pdf}}
}

@article{BellKor,
author={Robert M. Bell and Yehuda Koren and Chris Volinsky},
title={The BellKor 2008 solution to the Netflix Prize},
year={2008},
howpublished={\url{http://www.netflixprize.com/assets/ProgressPrize2008_BellKor.pdf}}
}
